@online{krista,
	author = {Krista King},
	title = {How To Solve Initial Value Problems},
	url = {https://www.kristakingmath.com/blog/solving-initial-value-problems},
	note = {Accessed: 04-15-2023},
}

@online{lumen,
	author = {Ryan Melton}
	title = {Initial-Value Problems},
	url = {https://courses.lumenlearning.com/calculus2/chapter/initial-value-problems/},
	note = {Accessed: 04-15-2023},
	organization = {Lumen Candela},
}

@online{ivpwiki,
	author = {wikipedia.org},
	title = {Initial Value Problem},
	url = {https://en.wikipedia.org/wiki/Initial_value_problem},
	urldate = {March 20, 2023},
	note = {Accessed: 04-15-2023},
}

@book{burden2015numerical,
	title={Numerical analysis},
	author={Burden, Richard L and Faires, J Douglas and Burden, Annette M},
	year={2015},
	publisher={Cengage learning}
}

@online{eulwiki,
	author = {wikipedia.org},
	title = {Initial Value Problem},
	url = {https://en.wikipedia.org/wiki/Euler_method},
	urldate = {March 20, 2023},
	note = {Accessed: 04-15-2023},
}

@online{eulfcc,
	title = {Euler's Method Explained with Examples},
	date = {01-26-2020},
	url = {https://www.freecodecamp.org/news/eulers-method-explained-with-examples/},
	note = {Accessed: 04-15-2023},
	organization = {FreeCodeCamp},
}

@online{eulpd,
	author = {Paul Dawkins},
	title = {Differential Equations},
	date = {11-16-2022},
	url = {https://tutorial.math.lamar.edu/classes/de/eulersmethod.aspx},
	subtitle = {First Order DE's},
	note = {Accessed: 04-15-2023},
}
