@article{googlebert,
  author       = {Jacob Devlin and
                  Ming{-}Wei Chang and
                  Kenton Lee and
                  Kristina Toutanova},
  title        = {{BERT:} Pre-training of Deep Bidirectional Transformers for Language
                  Understanding},
  journal      = {CoRR},
  volume       = {abs/1810.04805},
  year         = {2018},
  url          = {http://arxiv.org/abs/1810.04805},
  eprinttype    = {arXiv},
  eprint       = {1810.04805},
  timestamp    = {Tue, 30 Oct 2018 20:39:56 +0100},
  biburl       = {https://dblp.org/rec/journals/corr/abs-1810-04805.bib},
  bibsource    = {dblp computer science bibliography, https://dblp.org}
}

@article{metasbert,
  author       = {Mandar Joshi and
                  Danqi Chen and
                  Yinhan Liu and
                  Daniel S. Weld and
                  Luke Zettlemoyer and
                  Omer Levy},
  title        = {SpanBERT: Improving Pre-training by Representing and Predicting Spans},
  journal      = {CoRR},
  volume       = {abs/1907.10529},
  year         = {2019},
  url          = {http://arxiv.org/abs/1907.10529},
  eprinttype    = {arXiv},
  eprint       = {1907.10529},
  timestamp    = {Thu, 01 Aug 2019 08:59:33 +0200},
  biburl       = {https://dblp.org/rec/journals/corr/abs-1907-10529.bib},
  bibsource    = {dblp computer science bibliography, https://dblp.org}
}

@article{gelu,
  author       = {Dan Hendrycks and
                  Kevin Gimpel},
  title        = {Bridging Nonlinearities and Stochastic Regularizers with Gaussian
                  Error Linear Units},
  journal      = {CoRR},
  volume       = {abs/1606.08415},
  year         = {2016},
  url          = {http://arxiv.org/abs/1606.08415},
  eprinttype    = {arXiv},
  eprint       = {1606.08415},
  timestamp    = {Mon, 13 Aug 2018 16:46:20 +0200},
  biburl       = {https://dblp.org/rec/journals/corr/HendrycksG16.bib},
  bibsource    = {dblp computer science bibliography, https://dblp.org}
}

@article{normlayer,
  title={Layer normalization},
  author={Ba, Jimmy Lei and Kiros, Jamie Ryan and Hinton, Geoffrey E},
  journal={arXiv preprint arXiv:1607.06450},
  year={2016}
}

@online{revspan,
  author    = {Sik-Ho Tsang},
  title     = {Review - SpanBERT: Improving Pre-training by Representing and Predicting Spans},
  year      = {2022},
  url       = {https://sh-tsang.medium.com/review-spanbert-improving-pre-training-by-representing-and-predicting-spans-da61f8a3e7b1},
}